@book{markowitz1959portfolio,
  title={Portfolio Selection, Efficent Diversification of Investments},
  author={Markowitz, Harry},
  year={1959},
  publisher={J. Wiley}
}

@article{sharpe1964capital,
  title={Capital asset prices: A theory of market equilibrium under conditions of risk},
  author={Sharpe, William F},
  journal={The journal of finance},
  volume={19},
  number={3},
  pages={425--442},
  year={1964},
  publisher={Wiley Online Library}
}

@article{lintner1965valuation,
  title={The valuation of risk assets and the selection of risky investments in stock portfolios and capital budgets},
  author={Lintner, John},
  journal={The review of economics and statistics},
  pages={13--37},
  year={1965},
  publisher={JSTOR}
}

@article{jensen1972capital,
  title={The capital asset pricing model: Some empirical tests},
  author={Jensen, Michael C and Black, Fischer and Scholes, Myron S},
  year={1972}
}

@article{roll1977critique,
  title={A critique of the asset pricing theory's tests Part I: On past and potential testability of the theory},
  author={Roll, Richard},
  journal={Journal of financial economics},
  volume={4},
  number={2},
  pages={129--176},
  year={1977},
  publisher={Elsevier}
}

@article{markowitz1991foundations,
  title={Foundations of portfolio theory},
  author={Markowitz, Harry M},
  journal={The journal of finance},
  volume={46},
  number={2},
  pages={469--477},
  year={1991},
  publisher={Wiley Online Library}
}

@article{ball2015deflating,
  title={Deflating profitability},
  author={Ball, Ray and Gerakos, Joseph and Linnainmaa, Juhani T and Nikolaev, Valeri V},
  journal={Journal of Financial Economics},
  volume={117},
  number={2},
  pages={225--248},
  year={2015},
  publisher={Elsevier}
}

@article{daniel2016momentum,
  title={Momentum crashes},
  author={Daniel, Kent and Moskowitz, Tobias J},
  journal={Journal of Financial Economics},
  volume={122},
  number={2},
  pages={221--247},
  year={2016},
  publisher={Elsevier}
}

@article{hou2016comparison,
  title={A comparison of new factor models},
  author={Hou, Kewei and Xue, Chen and Zhang, Lu},
  year={2016}
}

@article{ball2016accruals,
  title={Accruals, cash flows, and operating profitability in the cross section of stock returns},
  author={Ball, Ray and Gerakos, Joseph and Linnainmaa, Juhani T and Nikolaev, Valeri},
  journal={Journal of Financial Economics},
  volume={121},
  number={1},
  pages={28--45},
  year={2016},
  publisher={Elsevier}
}

@article{fama2016choosing,
  title={Choosing factors},
  author={Fama, Eugene F and French, Kenneth R},
  journal={Browser Download This Paper},
  year={2016}
}

@article{barillas2016alpha,
  title={Which alpha?},
  author={Barillas, Francisco and Shanken, Jay},
  journal={The Review of Financial Studies},
  volume={30},
  number={4},
  pages={1316--1338},
  year={2016},
  publisher={Oxford University Press}
}

@techreport{barillas2015comparing,
  title={Comparing asset pricing models},
  author={Barillas, Francisco and Shanken, Jay},
  year={2015},
  institution={National Bureau of Economic Research}
}

@article{kok2017facts,
  title={Facts about Formulaic Value Investing},
  author={Kok, U-Wen and Ribando, Jason and Sloan, Richard},
  journal={Financial Analysts Journal},
  volume={73},
  number={2},
  pages={81--99},
  year={2017},
  publisher={CFA Institute}
}

@article{khan2016corporate,
  title={Corporate sustainability: First evidence on materiality},
  author={Khan, Mozaffar and Serafeim, George and Yoon, Aaron},
  journal={The accounting review},
  volume={91},
  number={6},
  pages={1697--1724},
  year={2016},
  publisher={American Accounting Association}
}

@article{grewal2017stock,
  title={Stock price synchronicity and material sustainability information},
  author={Grewal, Jyothika and Hauptmann, Clarissa and Serafeim, George},
  year={2017}
}

@article{hou2015digesting,
  title={Digesting anomalies: An investment approach},
  author={Hou, Kewei and Xue, Chen and Zhang, Lu},
  journal={The Review of Financial Studies},
  volume={28},
  number={3},
  pages={650--705},
  year={2015},
  publisher={Oxford University Press}
}

@article{gibbons1989test,
  title={A test of the efficiency of a given portfolio},
  author={Gibbons, Michael R and Ross, Stephen A and Shanken, Jay},
  journal={Econometrica: Journal of the Econometric Society},
  pages={1121--1152},
  year={1989},
  publisher={JSTOR}
}

@article{loughran1997long,
  title={Do long-term shareholders benefit from corporate acquisitions?},
  author={Loughran, Tim and Vijh, Anand M},
  journal={The Journal of Finance},
  volume={52},
  number={5},
  pages={1765--1790},
  year={1997},
  publisher={Wiley Online Library}
}

@techreport{novy2014understanding,
  title={Understanding defensive equity},
  author={Novy-Marx, Robert},
  year={2014},
  institution={National Bureau of Economic Research}
}

@article{asness2014fact,
  title={Fact, fiction, and momentum investing},
  author={Asness, Clifford and Frazzini, Andrea and Israel, Ronen and Moskowitz, Tobias},
  journal={The Journal of Portfolio Management},
  volume={40},
  number={5},
  pages={75--92},
  year={2014}
}

@article{fama1992cross,
  title={The cross-section of expected stock returns},
  author={Fama, Eugene F and French, Kenneth R},
  journal={the Journal of Finance},
  volume={47},
  number={2},
  pages={427--465},
  year={1992},
  publisher={Wiley Online Library}
}

@article{fama1973risk,
  title={Risk, return, and equilibrium: Empirical tests},
  author={Fama, Eugene F and MacBeth, James D},
  journal={Journal of political economy},
  volume={81},
  number={3},
  pages={607--636},
  year={1973},
  publisher={The University of Chicago Press}
}

@article{tobin1958liquidity,
  title={Liquidity preference as behavior towards risk},
  author={Tobin, James},
  journal={The review of economic studies},
  volume={25},
  number={2},
  pages={65--86},
  year={1958},
  publisher={JSTOR}
}

@article{asness2014quality,
  title={Quality minus junk},
  author={Asness, Clifford S and Frazzini, Andrea and Pedersen, Lasse Heje},
  year={2014}
}

@article{asness2013devil,
  title={The devil in HML's details},
  author={Asness, Clifford and Frazzini, Andrea},
  journal={The Journal of Portfolio Management},
  volume={39},
  number={4},
  pages={49--68},
  year={2013}
}

@article{novy2013other,
  title={The other side of value: The gross profitability premium},
  author={Novy-Marx, Robert},
  journal={Journal of Financial Economics},
  volume={108},
  number={1},
  pages={1--28},
  year={2013},
  publisher={Elsevier}
}

@article{jegadeesh1993returns,
  title={Returns to buying winners and selling losers: Implications for stock market efficiency},
  author={Jegadeesh, Narasimhan and Titman, Sheridan},
  journal={The Journal of finance},
  volume={48},
  number={1},
  pages={65--91},
  year={1993},
  publisher={Wiley Online Library}
}

@article{carhart1997persistence,
  title={On persistence in mutual fund performance},
  author={Carhart, Mark M},
  journal={The Journal of finance},
  volume={52},
  number={1},
  pages={57--82},
  year={1997},
  publisher={Wiley Online Library}
}

@article{mclean2016does,
  title={Does academic research destroy stock return predictability?},
  author={McLean, R David and Pontiff, Jeffrey},
  journal={The Journal of Finance},
  volume={71},
  number={1},
  pages={5--32},
  year={2016},
  publisher={Wiley Online Library}
}

@article{banz1981relationship,
  title={The relationship between return and market value of common stocks},
  author={Banz, Rolf W},
  journal={Journal of financial economics},
  volume={9},
  number={1},
  pages={3--18},
  year={1981},
  publisher={Elsevier}
}

@article{lewellen2010skeptical,
  title={A skeptical appraisal of asset pricing tests},
  author={Lewellen, Jonathan and Nagel, Stefan and Shanken, Jay},
  journal={Journal of Financial economics},
  volume={96},
  number={2},
  pages={175--194},
  year={2010},
  publisher={Elsevier}
}

@article{sloan1996create,
  title={Create an account or Log In},
  author={Sloan, Allan},
  journal={Accounting review},
  volume={71},
  number={3},
  pages={289--315},
  year={1996},
  publisher={CFA Institute}
}

@article{ikenberry1995market,
  title={Market underreaction to open market share repurchases},
  author={Ikenberry, David and Lakonishok, Josef and Vermaelen, Theo},
  journal={Journal of financial economics},
  volume={39},
  number={2},
  pages={181--208},
  year={1995},
  publisher={Elsevier}
}

@article{loughran1995new,
  title={The new issues puzzle},
  author={Loughran, Tim and Ritter, Jay R},
  journal={The Journal of finance},
  volume={50},
  number={1},
  pages={23--51},
  year={1995},
  publisher={Wiley Online Library}
}

@article{ang2006cross,
  title={The cross-section of volatility and expected returns},
  author={Ang, Andrew and Hodrick, Robert J and Xing, Yuhang and Zhang, Xiaoyan},
  journal={The Journal of Finance},
  volume={61},
  number={1},
  pages={259--299},
  year={2006},
  publisher={Wiley Online Library}
}

@article{fama1993common,
  title={Common risk factors in the returns on stocks and bonds},
  author={Fama, Eugene F and French, Kenneth R},
  journal={Journal of financial economics},
  volume={33},
  number={1},
  pages={3--56},
  year={1993},
  publisher={Elsevier}
}

@article{fama2016dissecting,
  title={Dissecting anomalies with a five-factor model},
  author={Fama, Eugene F and French, Kenneth R},
  journal={The Review of Financial Studies},
  volume={29},
  number={1},
  pages={69--103},
  year={2016},
  publisher={Oxford University Press}
}

@article{fama2017international,
  title={International tests of a five-factor asset pricing model},
  author={Fama, Eugene F and French, Kenneth R},
  journal={Journal of Financial Economics},
  volume={123},
  number={3},
  pages={441--463},
  year={2017},
  publisher={North-Holland}
}
